<?xml version="1.0" encoding="UTF-8"?>
<collection xmlns:xsi="http://www.w3.org/2001/XMLSchema-instance" xsi:schemaLocation="http://www.loc.gov/MARC21/slim http://www.loc.gov/standards/marcxml/schema/MARC21slim.xsd" xmlns="http://www.loc.gov/MARC21/slim">
<record>
  <leader>01015cam a2200205 u 4500</leader>
  <controlfield tag="001">645340</controlfield>
  <controlfield tag="003">NNC</controlfield>
  <controlfield tag="005">20151019143702.0</controlfield>
  <controlfield tag="008">880429s1935    ua |||||||||||||| ||ara||</controlfield>
  <datafield tag="035" ind1=" " ind2=" ">
    <subfield code="a">(OCoLC)62781141</subfield>
  </datafield>
  <datafield tag="035" ind1=" " ind2=" ">
    <subfield code="a">(OCoLC)ocm62781141</subfield>
  </datafield>
  <datafield tag="035" ind1=" " ind2=" ">
    <subfield code="a">(CStRLIN)NYCG88-B30997</subfield>
  </datafield>
  <datafield tag="035" ind1=" " ind2=" ">
    <subfield code="9">ACV2301CU</subfield>
  </datafield>
  <datafield tag="035" ind1=" " ind2=" ">
    <subfield code="a">(NNC)645340</subfield>
  </datafield>
  <datafield tag="100" ind1="1" ind2=" ">
    <subfield code="a">Ibn Khuzaymah, Muḥammad ibn Isḥāq,</subfield>
    <subfield code="d">838-924.</subfield>
  </datafield>
  <datafield tag="240" ind1="1" ind2="0">
    <subfield code="a">Tawḥīd wa-ithbāt ṣifāt al-Rabb</subfield>
  </datafield>
  <datafield tag="245" ind1="1" ind2="0">
    <subfield code="a">Kitāb al-tawḥīd wa-ithbāt ṣifāt al-Rabb :</subfield>
    <subfield code="b">allatī waṣafa bi-hā nafsahu fī tanzīlihi alladhī anzalahu ʻalá Nabihi al-Muṣṭafá wa-ʻalá lisān Nabīyah naqala al-akhbār al-thābitah al-ṣaḥīḥah naqala al-ʻAddūl ʻan al-ʻAddūl min ghayr qaṭʻ fī isnād wa-lā jurḥ fī nāqilī al-akhbār al-thiqāt /</subfield>
    <subfield code="c">taʾlīf Muḥammad ibn Isḥāq ibn Khuzaymah.</subfield>
  </datafield>
  <datafield tag="260" ind1=" " ind2=" ">
    <subfield code="a">Miṣr :</subfield>
    <subfield code="b">Idārat al-Ṭibāʻah al-Munīrīyah,</subfield>
    <subfield code="c">1354h [i.e. 1935]</subfield>
  </datafield>
  <datafield tag="300" ind1=" " ind2=" ">
    <subfield code="a">250 p.</subfield>
  </datafield>
  <datafield tag="650" ind1=" " ind2="0">
    <subfield code="a">God (Islam)</subfield>
    <subfield code="x">Attributes.</subfield>
  </datafield>
  <datafield tag="955" ind1=" " ind2=" ">
    <subfield code="b">CU10660402</subfield>
    <subfield code="d">off,glx</subfield>
    <subfield code="e">ME06443</subfield>
  </datafield>
</record>
</collection>